<?xml version="1.0" encoding="UTF-8"?><record xmlns="http://www.loc.gov/MARC21/slim" xmlns:cinclude="http://apache.org/cocoon/include/1.0" xmlns:zs="http://www.loc.gov/zing/srw/">
  <leader>00513cz  a2200145n  4500</leader>
  <controlfield tag="001">n  96100701 </controlfield>
  <controlfield tag="003">DLC</controlfield>
  <controlfield tag="005">20040421144509.0</controlfield>
  <controlfield tag="008">961017n| acannaab           |a aac      </controlfield>
  <datafield tag="010" ind1=" " ind2=" ">
    <subfield code="a">n  96100701 </subfield>
  </datafield>
  <datafield tag="040" ind1=" " ind2=" ">
    <subfield code="a">DLC</subfield>
    <subfield code="c">DLC</subfield>
    <subfield code="d">DLC</subfield>
  </datafield>
  <datafield tag="100" ind1="1" ind2=" ">
    <subfield code="a">Ubelis, A. P.</subfield>
  </datafield>
  <datafield tag="400" ind1="1" ind2=" ">
    <subfield code="a">Ubelis, Arnolds.</subfield>
  </datafield>
  <datafield tag="670" ind1=" " ind2=" ">
    <subfield code="a">Radiat︠s︡ionnye i stolknovitelʹnye kharakteristiki atomov i molekul, 1989:</subfield>
    <subfield code="b">colophon (A.P. Ubelis)</subfield>
  </datafield>
  <datafield tag="670" ind1=" " ind2=" ">
    <subfield code="a">Integrative approaches towards sustainability in the Baltic Sea region, c2004:</subfield>
    <subfield code="b">CIP t.p. (Arnolds Ubelis)</subfield>
  </datafield>
</record>